<record xmlns="http://www.loc.gov/MARC21/slim" xmlns:xsi="http://www.w3.org/2001/XMLSchema-instance" xsi:schemaLocation="http://www.loc.gov/MARC21/slim http://www.loc.gov/standards/marcxml/schema/MARC21slim.xsd"><leader>     nam a22        4500</leader><controlfield tag="001">3073606</controlfield><controlfield tag="003">NNC</controlfield><controlfield tag="006">m        d        </controlfield><controlfield tag="007">cr cn |||m|||a</controlfield><controlfield tag="008">150316s194u    ua c    o     000 0 ara d</controlfield><datafield ind1=" " ind2=" " tag="040"><subfield code="a">NNU</subfield><subfield code="b">eng</subfield><subfield code="c">NNU</subfield></datafield><datafield ind1="1" ind2=" " tag="100"><subfield code="a">Taymu&#772;r, Ah&#803;mad,</subfield><subfield code="d">1871-1930.</subfield></datafield><datafield ind1="1" ind2="3" tag="245"><subfield code="a">al-Barqi&#772;ya&#772;t lil-risa&#772;lah wa al-maqa&#772;lah</subfield><subfield code="h">[electronic resource] /</subfield><subfield code="c">bi-qalam Ah&#803;mad Taymu&#772;r.</subfield></datafield><datafield ind1=" " ind2=" " tag="260"><subfield code="a">Mis&#803;r,</subfield><subfield code="b">Mat&#803;b. Da&#772;r al-Ta&#700;li&#772;f</subfield><subfield code="c">[194-?]</subfield></datafield><datafield ind1=" " ind2=" " tag="300"><subfield code="a">online resource (24, 84 p.) :</subfield><subfield code="b">port.</subfield></datafield><datafield ind1=" " ind2=" " tag="500"><subfield code="a">At head of title: Lajnat nashr al-mu&#700;allafa&#772;t al-Taymu&#772;ri&#772;yah.</subfield></datafield><datafield ind1=" " ind2=" " tag="500"><subfield code="a">Part of the Arabic Collections Online (ACO) project, contributed by Columbia University Libraries.</subfield></datafield><datafield ind1=" " ind2=" " tag="533"><subfield code="a">Electronic reproduction.</subfield><subfield code="b">New York, N.Y. :</subfield><subfield code="c">New York University,</subfield><subfield code="d">2015.</subfield><subfield code="5">NNU</subfield></datafield><datafield ind1="2" ind2=" " tag="710"><subfield code="a">Columbia University.</subfield><subfield code="b">Libraries.</subfield></datafield><datafield ind1="0" ind2=" " tag="730"><subfield code="a">Arabic Collections Online.</subfield></datafield><datafield ind1="0" ind2="8" tag="776"><subfield code="i">Print version:</subfield><subfield code="a">Taymu&#772;r, Ah&#803;mad, 1871-1930.</subfield><subfield code="t">al-Barqi&#772;ya&#772;t lil-risa&#772;lah wa al-maqa&#772;lah</subfield><subfield code="w">(NNC)3073606</subfield><subfield code="w">(OCoLC)83231060</subfield></datafield><datafield ind1="4" ind2="0" tag="856"><subfield code="u">http://hdl.handle.net/2333.1/j3tx9883</subfield></datafield><datafield ind1=" " ind2=" " tag="959"><subfield code="a">NNU</subfield><subfield code="b">WEB</subfield><subfield code="c">GENI</subfield><subfield code="t">0</subfield><subfield code="m">Electronic access</subfield><subfield code="s">01</subfield></datafield><datafield ind1=" " ind2=" " tag="999"><subfield code="i">NNC_3073606</subfield><subfield code="o">(OCoLC)ocm83231060 </subfield><subfield code="s">columbia_aco000307</subfield><subfield code="e">(ERROR-880)</subfield></datafield></record>